@article{a1,
author="D. Dasgupta",
title="{Artificial Immune Systems and Their Applications}{Berlin, German}",
journal={ Springer-Verlag},


year={1999},
}
@article{a2,
author={L. N. de Castro and J},
title="{Artificial Immune Systems: A New Computational Intelligence Paradigm}{London, U.K}",
journal={ Springer-Verlag},
year={2002},
}
@article{a3,
author={J. E. Hunt and D. E. Cooke},
title="{Learning using an artificial immune
system}{London, U.K}",
journal={ Springer-Verlag},
volume="19",
number={189–212},
year={1996},
}
@article{a4,
author={T. Fukuda and M. T. K. Mori},
title="{Parallel search for multimodal function optimization with diversity and learning of immune algorithm}{Germany:
Springer-Verlag}",
journal={ Springer-Verlag},

year={1999},
}
@article{a5,
author={ R.Konig and T.Dandekar},
title="{Improving genetic algorithms for protein folding simulations by systematic crossover}",
journal={Biosystems},
volume="50",
number={17-25},
year={1999},
}
@article{a6,
author={L. N. de Castro and F. J. V},
title="{Learning and optimization using
the clonal selection principle}{London, U.K}",
journal={ IEEE Trans. Evol. Comput},
volume="6",
number={239–251},
year={2002},
}
@article{a7,
author={G. Nicosia},
title="{Immune algorithms for optimization and protein structure prediction}{ Catania, Italy}",
journal={ Math. Comput},
year={2004},
}
@article{a8,
author={V. Cutello, G. Narzisi, and G. Nicosia},
title="{A multi-objective evolutionary
approach to the protein structure prediction problem}",
journal={J. Royal So. Interface},
volume="3",
number={139–151},
year={2006},
}
@article{a9,
author={D. Dasgupta},
title="{An artificial immune system as a multiagent decision
support system}",
journal={IEEE Int. Conf. Syst., Man, Cybern., San
Diego, CA, Oct},
volume="32",
number={3816–3820},
year={1998},
}
@article{a10,
author={ J. Kim and P. Bentley},
title="{Towards an artificial immune system for network intrusion detection: An investigation of clonal selection with negative selection operator}",
journal={in Proc. IEEE Int. Congr. Evol. Comput.,
Seoul, Korea},


year={2001},
}
@article{a11,
author={V. Cutello, G. Nicosia, and M. Pavone},
title="{A hybrid immune algorithm
with information gain for the graph coloring problem}{Chicago}",
journal={  in Proc. LNCS
on Genetic and Evol. Comput. Conf},
volume="2723",
number={171–182},
year={2003},
}
@article{a12,
author={E. Hart and P. Ross},
title="{The evolution and analysis of a potential antibody
library for use in job-shop scheduling}{London, U.K}",
journal={ in New Ideas in Optimization,
D. Corne, M. Dorigo, and F. Glover, Eds},

year={1999},
}
@article{a13,
author={ S. Forrest, A. S. Perelson},
title="{Self-nonself
discrimination in a computer}{London, U.K}",
journal={ in Proc. IEEE Symp. Research in Security and Privacy, Oakland, CA},


year={1994},
}
@article{a14,
author={D. Dasgupta, Y. Cao, and C. Yang},
title="{An immunogenetic approach to
spectra recognition}{London, U.K}",
journal={in Proc. Int. Conf. Genetic and Evol. Comput.
Conf., Orlando, FL},

year={1999},
}
@article{a15,
author={S. Hedberg},
title="{Combating computer viruses: Ibm’s new computer immune system}",
journal={ EEE Parallel and Distributed Technology: Systems &
Applications},
volume="4",
number={9-11},
year={1996},
}
